@article{full1999templates,
  title={Templates and anchors: neuromechanical hypotheses of legged locomotion on land},
  author={Full, Robert J and Koditschek, Daniel E},
  journal={Journal of experimental biology},
  volume={202},
  number={23},
  pages={3325--3332},
  year={1999},
  publisher={The Company of Biologists Ltd}
}

@article{hubicki2016atrias,
  title={ATRIAS: Design and validation of a tether-free 3D-capable spring-mass bipedal robot},
  author={Hubicki, Christian and Grimes, Jesse and Jones, Mikhail and Renjewski, Daniel and Spr{\"o}witz, Alexander and Abate, Andy and Hurst, Jonathan},
  journal={The International Journal of Robotics Research},
  volume={35},
  number={12},
  pages={1497--1521},
  year={2016},
  publisher={SAGE Publications Sage UK: London, England}
}

@ARTICLE{Burden2015-ru,
  title    = "Model Reduction Near Periodic Orbits of Hybrid Dynamical Systems",
  author   = "Burden, Samuel A and Revzen, Shai and Sastry, S Shankar",
  journal  = "IEEE transactions on automatic control",
  volume   =  60,
  number   =  10,
  pages    = "2626--2639",
  year     =  2015,
  url      = "http://dx.doi.org/10.1109/TAC.2015.2411971",
  file     = "All Papers/B/Burden et al. 2015 - Model Reduction Near Periodic Orbits of Hybrid Dynamical Systems.pdf",
  keywords = "sburden",
  issn     = "0018-9286",
  doi      = "10.1109/TAC.2015.2411971"
}


@article{kim2003target,
  title={Target cascading in optimal system design},
  author={Kim, Hyung Min and Michelena, Nestor F and Papalambros, Panos Y and Jiang, Tao},
  journal={Journal of mechanical design},
  volume={125},
  number={3},
  pages={474--480},
  year={2003},
  publisher={American Society of Mechanical Engineers}
}

@article{michalek2005linking,
  title={Linking marketing and engineering product design decisions via analytical target cascading},
  author={Michalek, Jeremy J and Feinberg, Fred M and Papalambros, Panos Y},
  journal={Journal of Product Innovation Management},
  volume={22},
  number={1},
  pages={42--62},
  year={2005},
  publisher={Wiley Online Library}
}

@incollection{deb2014multi,
  title={Multi-objective optimization},
  author={Deb, Kalyanmoy},
  booktitle={Search methodologies},
  pages={403--449},
  year={2014},
  publisher={Springer}
}

@article{marler2004survey,
  title={Survey of multi-objective optimization methods for engineering},
  author={Marler, R  and Arora, Jasbir },
  journal={Structural and multidisciplinary optimization},
  volume={26},
  number={6},
  pages={369--395},
  year={2004},
  publisher={Springer}
}

@article{tappeta1997multiobjective,
  title={Multiobjective collaborative optimization},
  author={Tappeta, RV and Renaud, JE},
  journal={Journal of Mechanical Design},
  volume={119},
  number={3},
  pages={403--411},
  year={1997},
  publisher={American Society of Mechanical Engineers}
}

@ARTICLE{Clark2007-ds,
  title     = "Design of a Bio-inspired Dynamical Vertical Climbing Robot",
  author    = "Clark, J. and Goldman, D. and Lin, P.-C. and {others}",
  journal   = "Science and Systems",
  publisher = "researchgate.net",
  year      =  2007
}

@book{forrester2008engineering,
  title={Engineering design via surrogate modelling: a practical guide},
  author={Forrester, Alexander and Keane, Andy and others},
  year={2008},
  publisher={John Wiley \& Sons}
}

@ARTICLE{Haldane2016-qq,
  title     = "Robotic vertical jumping agility via series-elastic power
               modulation",
  author    = "Haldane, Duncan W and Plecnik, M M and Yim, J K and Fearing, R S",
  journal   = "Science Robotics",
  publisher = "Science Robotics",
  volume    =  1,
  number    =  1,
  pages     = "eaag2048",
  month     =  dec,
  year      =  2016,
  url       = "http://robotics.sciencemag.org/content/1/1/eaag2048",
  file      = "All Papers/H/Haldane et al. 2016 - Robotic vertical jumping agility via series-elastic power modulation.pdf",
  language  = "en",
  issn      = "2470-9476",
  doi       = "10.1126/scirobotics.aag2048"
}

@ARTICLE{Seipel2004-ag,
  title    = "Dynamics and Stability of Insect Locomotion: A Hexapedal Model
              for Horizontal Plane Motions",
  author   = "Seipel, Justin and Holmes, Philip and Full, Robert",
  journal  = "Biological cybernetics",
  volume   =  91,
  number   =  2,
  pages    = "76--90",
  month    =  aug,
  year     =  2004,
  keywords = "2004",
  issn     = "0340-1200"
}

@ARTICLE{Proctor2008-ks,
  title    = "Steering by Transient Destabilization in {Piecewise-Holonomic}
              Models of Legged Locomotion",
  author   = "Proctor, J L and Holmes, P J",
  journal  = "Regular and Chaotic Dynamics. International Scientific Journal",
  volume   =  13,
  number   =  4,
  pages    = "267--282",
  year     =  2008,
  keywords = "lateral leg-spring, locomotion, turning",
  issn     = "1560-3547"
}

@ARTICLE{Jindrich1999-sb,
  title   = "{Many-legged maneuverability: dynamics of turning in hexapods}",
  author  = "Jindrich, D L and Full, R J",
  journal = "The Journal of experimental biology",
  volume  =  202,
  number  =  12,
  pages   = "1603--1623",
  year    =  1999,
  url     = "http://jeb.biologists.org/content/202/12/1603.abstract",
  eprint  = "http://jeb.biologists.org/cgi/reprint/202/12/1603.pdf",
  issn    = "0022-0949"
}

@ARTICLE{McGeer1990-zb,
  title     = "{Passive dynamic walking}",
  author    = "McGeer, T",
  journal   = "The International journal of robotics research",
  publisher = "Multimedia Archives",
  volume    =  9,
  number    =  2,
  pages     = "62",
  year      =  1990,
  url       = "http://dx.doi.org/10.1177/027836499000900206",
  issn      = "0278-3649",
  doi       = "10.1177/027836499000900206"
}

@ARTICLE{Collins2005-sc,
  title   = "{Efficient bipedal robots based on passive--dynamic walkers}",
  author  = "Collins, Steve and Ruina, Andy and Tedrake, Russ and Wisse,
             Martijn",
  journal = "Science",
  volume  =  307,
  number  =  5712,
  pages   = "1082--1085",
  year    =  2005,
  _url     = "http://dx.doi.org/10.1126/science.1107799",
  file    = "All Papers/C/Collins et al. 2005 - Efficient bipedal robots based on passive-dynamic walkers.pdf",
  issn    = "0036-8075",
  _doi     = "10.1126/science.1107799"
}

@ARTICLE{Libby2012-xl,
  title     = "Tail-assisted pitch control in lizards, robots and dinosaurs",
  author    = "Libby, Thomas and Moore, Talia Y and Chang-Siu, Evan and Li,
               Deborah and Cohen, Daniel J and Jusufi, Ardian and Full, Robert
               J",
  journal   = "Nature",
  publisher = "Nature Publishing Group, a division of Macmillan Publishers
               Limited. All Rights Reserved.",
  volume    =  481,
  number    =  7380,
  pages     = "181--184",
  month     =  jan,
  year      =  2012,
  url       = "http://dx.doi.org/10.1038/nature10710",
  issn      = "0028-0836",
  doi       = "10.1038/nature10710"
}

@ARTICLE{Srinivasan2005-hz,
  title     = "Computer optimization of a minimal biped model discovers walking
               and running",
  author    = "Srinivasan, M and Ruina, A",
  journal   = "Nature",
  publisher = "Nature Publishing Group",
  volume    =  439,
  number    =  7072,
  pages     = "72--75",
  year      =  2005,
  file      = "All Papers/S/Srinivasan and Ruina 2006 - Computer optimization of a minimal biped model discovers walking and running.pdf",
  issn      = "0028-0836"
}

@ARTICLE{Blickhan1993-sr,
  title     = "Similarity in multilegged locomotion: Bouncing like a monopode",
  author    = "Blickhan, R and Full, R J",
  journal   = "Journal of Comparative Physiology A",
  publisher = "Springer Berlin / Heidelberg",
  volume    =  173,
  number    =  5,
  pages     = "509--517",
  year      =  1993,
  _url       = "http://dx.doi.org/10.1007/BF00197760",
  keywords  = "Biomedical and Life Sciences",
  _doi       = "10.1007/BF00197760"
}

@ARTICLE{Aguilar2012-vn,
  title   = "Lift--off dynamics in a simple jumping robot",
  author  = "Aguilar, J and Lesov, A and Wiesenfeld, K and Goldman, D I",
  journal = "Physical review letters",
  volume  =  109,
  number  =  174301,
  year    =  2012,
  url     = "http://dx.doi.org/10.1103/PhysRevLett.109.174301",
  file    = "All Papers/A/Aguilar et al. 2012 - Lift-off dynamics in a simple jumping robot.pdf",
  issn    = "0031-9007",
  doi     = "10.1103/PhysRevLett.109.174301"
}

@INPROCEEDINGS{Johnson2013-rt,
  title     = "Toward a vocabulary of legged leaping",
  booktitle = "Proceedings of the {IEEE} International Conference on Robotics
               and Automation",
  author    = "Johnson, A M and Koditschek, D E",
  pages     = "2568--2575",
  year      =  2013,
  url       = "http://dx.doi.org/10.1109/ICRA.2013.6630928",
  file      = "All Papers/J/Johnson and Koditschek 2013 - Toward a vocabulary of legged leaping.pdf",
  keywords  = "legged locomotion;RHex robot;dynamic robot behaviors;ground
               reaction complex;hybrid systems framework;legged
               leaping;multifarious transitions;path sequences;planar legged
               rigid body;topologically regular structure;Indexes;Legged
               locomotion;Robot kinematics;Timing;Torque;Vocabulary",
  issn      = "1050-4729",
  doi       = "10.1109/ICRA.2013.6630928"
}

@ARTICLE{Goldman2006-cf,
  title   = "Dynamics of rapid vertical climbing in cockroaches reveals a
             template",
  author  = "Goldman, Daniel I and Chen, Tao S and Dudek, Daniel M and Full,
             Robert J",
  journal = "The Journal of experimental biology",
  volume  =  209,
  number  =  15,
  pages   = "2990--3000",
  year    =  2006,
  url     = "http://dx.doi.org/10.1242/jeb.02322",
  file    = "All Papers/G/Goldman et al. 2006 - Dynamics of rapid vertical climbing in cockroaches reveals a template.pdf",
  issn    = "0022-0949",
  doi     = "10.1242/jeb.02322"
}


ARTICLE{Libby2017-sx__DONT_USE,
  title   = "Comparative Design, Scaling, and Control of Appendages for
             Inertial Reorientation",
  author  = "Libby, Thomas and Johnson, Aaron M and Chang-Siu, Evan and Full,
             Robert J and Koditschek, D E",
  journal = "IEEE Transactions on Robotics",
  year    =  2017,
  file    = "All Papers/L/Libby et al. 2016 - Comparative Design, Scaling, and Control of Appendages for Inertial Reorientation.pdf",
  eprint  = "arXiv:1511.05958"
}

@article{paper:libby_tail_2016,
  title     = {Comparative Design, Scaling, and Control of Appendages for Inertial Reorientation},
  author    = {Thomas Libby and Aaron M. Johnson and Evan Chang-Siu and Robert J. Full and D. E. Koditschek},
  year      = {2016},
  journal   = {IEEE Transactions on Robotics},
  volume    = {32},
  number    = {6},
  pages     = {1380--1398},
  _note     = {\emph{Available as an arXiv Preprint arXiv:1511.05958 [cs.RO]}},
  keywords  = {Tails, Robot Design, Control},
  url_Publisher = {http://ieeexplore.ieee.org/document/7562541/},
  url_Info  = {https://repository.upenn.edu/ese_papers/752/},
  url_PDF   = {https://repository.upenn.edu/cgi/viewcontent.cgi?article=1808&context=ese_papers},
  url_Tech_Report = {http://kodlab.seas.upenn.edu/uploads/Aaron/tails_tr.pdf}
}

@article{altendorfer2004stability,
  title={Stability analysis of legged locomotion models by symmetry-factored return maps},
  author={Altendorfer, Richard and Koditschek, Daniel E and Holmes, Philip},
  journal={Int. J. Robotics Research},
  volume={23},
  number={10--11},
  pages={979--999},
  year={2004},
  publisher={SAGE Publications}
}

@article{Altendorfer-AR2001,
  author = {Altendorfer, R. and Moore, N. and Komsuoglu, H. and Buehler, M. and
	Brown Jr., H. B. and McMordie, D. and Saranli, U. and Full, R. and
	Koditschek, D. E.},
  title = {{RHex}: A Biologically Inspired Hexapod Runner},
  journal = {Autonomous Robots},
  year = {2001},
  volume = {11},
  pages = {207--213},
  number = {3}
}


@ARTICLE{Queipo2005-mh,
  title   = "Surrogate-based analysis and optimization",
  author  = "Queipo, Nestor V and Haftka, Raphael T and Shyy, Wei and Goel,
             Tushar and Vaidyanathan, Rajkumar and Kevin Tucker, P",
  journal = "Progress in Aerospace Sciences",
  volume  =  41,
  number  =  1,
  pages   = "1--28",
  month   =  jan,
  year    =  2005,
  url     = "http://www.sciencedirect.com/science/article/pii/S0376042105000102",
  file    = "All Papers/Q/Queipo et al. 2005 - Surrogate-based analysis and optimization.pdf",
  issn    = "0376-0421",
  doi     = "10.1016/j.paerosci.2005.02.001"
}


@ARTICLE{Koziel2013-sn,
  title     = "Surrogate-based modeling and optimization",
  author    = "Koziel, Slawomir and Leifsson, Leifur",
  journal   = "Applications in Engineering",
  publisher = "Springer",
  year      =  2013,
  url       = "https://link.springer.com/content/pdf/10.1007/978-1-4614-7551-4.pdf",
  file      = "All Papers/K/Koziel and Leifsson 2013 - Surrogate-based modeling and optimization.pdf"
}


@ARTICLE{Goebel2006-wx,
  title   = "Solutions to hybrid inclusions via set and graphical convergence
             with stability theory applications",
  author  = "Goebel, R and Teel, A R",
  journal = "Automatica: the journal of IFAC, the International Federation of
             Automatic Control",
  volume  =  42,
  number  =  4,
  pages   = "573--587",
  year    =  2006,
  url     = "http://dx.doi.org/10.1016/j.automatica.2005.12.019",
  file    = "All Papers/G/Goebel and Teel 2006 - Solutions to hybrid inclusions via set and graphical convergence with stability theory applications.pdf",
  issn    = "0005-1098",
  doi     = "10.1016/j.automatica.2005.12.019"
}


@ARTICLE{Tavernini1987-wu,
  title     = "Differential automata and their discrete simulators",
  author    = "Tavernini, Lucio",
  journal   = "Nonlinear analysis, theory, methods \& applications",
  publisher = "Elsevier",
  volume    =  11,
  number    =  6,
  pages     = "665--683",
  year      =  1987,
  url       = "http://dx.doi.org/10.1016/0362-546X(87)90034-4",
  file      = "All Papers/T/Tavernini 1987 - Differential automata and their discrete simulators.pdf",
  issn      = "0362-546X",
  doi       = "10.1016/0362-546X(87)90034-4"
}



@ARTICLE{Biemond2016-ur,
  title    = "Distance function design and Lyapunov techniques for the
              stability of hybrid trajectories",
  author   = "Biemond, J J Benjamin and Heemels, W P Maurice H and Sanfelice,
              Ricardo G and van de Wouw, Nathan",
  journal  = "Automatica: the journal of IFAC, the International Federation of
              Automatic Control",
  volume   =  73,
  number   = "Supplement C",
  pages    = "38--46",
  month    =  nov,
  year     =  2016,
  url      = "http://www.sciencedirect.com/science/article/pii/S0005109816302746",
  file     = "All Papers/B/Biemond et al. 2016 - Distance function design and Lyapunov techniques for the stability of hybrid trajectories.pdf",
  keywords = "Hybrid systems; Stability analysis; Lyapunov stability; Tracking
              control",
  issn     = "0005-1098",
  doi      = "10.1016/j.automatica.2016.07.006"
}

@ARTICLE{Biemond2013-ph,
  title     = "Tracking Control for Hybrid Systems With {State-Triggered} Jumps",
  author    = "Biemond, J J B and de Wouw, N van and Heemels, W P M H and
               Nijmeijer, H",
  journal   = "IEEE transactions on automatic control",
  publisher = "ieeexplore.ieee.org",
  volume    =  58,
  number    =  4,
  pages     = "876--890",
  month     =  apr,
  year      =  2013,
  url       = "http://dx.doi.org/10.1109/TAC.2012.2223351",
  file      = "All Papers/B/Biemond et al. 2013 - Tracking Control for Hybrid Systems With State-Triggered Jumps.pdf",
  keywords  = "Lyapunov methods;asymptotic stability;control system
               synthesis;convergence;time-varying
               systems;tracking;Lyapunov-based conditions;bouncing ball
               problem;discrete events;global asymptotic stability;hybrid
               system tracking control;hysteresis-based controller
               design;mechanical system impacts;state-triggered jump time
               convergence;time-varying hybrid reference trajectory
               stabilization;tracking error;Asymptotic
               stability;Convergence;Mechanical systems;Stability analysis;Time
               domain analysis;Trajectory;Asymptotic stability;control system
               analysis;hybrid systems;tracking control",
  issn      = "0018-9286",
  doi       = "10.1109/TAC.2012.2223351"
}


@ARTICLE{Gokhman2008-br,
  title     = "Topologies for hybrid solutions",
  author    = "Gokhman, Dmitry",
  journal   = "Nonlinear Analysis. Hybrid Systems. An International
               Multidisciplinary Journal",
  publisher = "Elsevier",
  volume    =  2,
  number    =  2,
  pages     = "468--473",
  year      =  2008,
  url       = "http://dx.doi.org/10.1016/j.nahs.2006.12.006",
  file      = "All Papers/G/Gokhman 2008 - Topologies for hybrid solutions.pdf",
  issn      = "1751-570X",
  doi       = "10.1016/j.nahs.2006.12.006"
}


@ARTICLE{Burden2015-ip,
  title    = "{Metrization and Simulation of Controlled Hybrid Systems}",
  author   = "Burden, Samuel A and Gonzalez, Humberto and Vasudevan,
              Ramanarayan and Bajcsy, Ruzena and Sastry, S Shankar",
  journal  = "IEEE transactions on automatic control",
  volume   =  60,
  number   =  9,
  pages    = "2307--2320",
  year     =  2015,
  url      = "http://dx.doi.org/10.1109/TAC.2015.2404231",
  file     = "All Papers/B/Burden et al. 2015 - Metrization and Simulation of Controlled Hybrid Systems.pdf",
  keywords = "sburden",
  issn     = "0018-9286",
  doi      = "10.1109/TAC.2015.2404231"
}


@ARTICLE{Girard2007-ed,
  title    = "Approximation Metrics for Discrete and Continuous Systems",
  author   = "Girard, A and Pappas, G J",
  journal  = "IEEE transactions on automatic control",
  volume   =  52,
  number   =  5,
  pages    = "782--798",
  year     =  2007,
  url      = "http://dx.doi.org/10.1109/TAC.2007.895849",
  file     = "All Papers/G/Girard and Pappas 2007 - Approximation Metrics for Discrete and Continuous Systems.pdf",
  keywords = "Lyapunov methods, approximation theory, continuous time systems,
              discrete systemsLyapunov-like functions, approximate bisimulation
              relations, approximate language inclusion, approximate
              simulation, approximation metrics, continuous time systems,
              discrete systems, pseudo-metrics, static game, system
              approximation",
  issn     = "0018-9286",
  doi      = "10.1109/TAC.2007.895849"
}


@INPROCEEDINGS{Burden2012-nx,
  title     = "Parameter Identification Near Periodic Orbits of Hybrid
               Dynamical Systems",
  booktitle = "Proceedings of the {IFAC} Symposium on System Identification",
  author    = "Burden, S A and Ohlsson, H and Sastry, S S",
  pages     = "1197--1202",
  year      =  2012,
  url       = "http://dx.doi.org/10.3182/20120711-3-BE-2027.00396",
  file      = "All Papers/B/Burden et al. 2012 - Parameter Identification Near Periodic Orbits of Hybrid Dynamical Systems.pdf",
  keywords  = "sburden",
  doi       = "10.3182/20120711-3-BE-2027.00396"
}


@INPROCEEDINGS{Elhamifar2014-fg,
  title     = "Adaptive piecewise--affine inverse modeling of hybrid dynamical
               systems",
  booktitle = "Proceedings of the {IFAC} World Congress",
  author    = "Elhamifar, Ehsan and Burden, S A and Sastry, S S",
  pages     = "10844--10849",
  year      =  2014,
  url       = "http://dx.doi.org/10.3182/20140824-6-ZA-1003.02610",
  file      = "All Papers/E/Elhamifar et al. 2014 - Adaptive piecewise-affine inverse modeling of hybrid dynamical systems.pdf",
  keywords  = "sburden",
  doi       = "10.3182/20140824-6-ZA-1003.02610"
}


@INPROCEEDINGS{Buchan2013-gr,
  title     = "Automatic identification of dynamic piecewise affine models for
               a running robot",
  booktitle = "2013 {IEEE/RSJ} International Conference on Intelligent Robots
               and Systems",
  author    = "Buchan, A D and Haldane, D W and Fearing, R S",
  pages     = "5600--5607",
  month     =  nov,
  year      =  2013,
  url       = "http://dx.doi.org/10.1109/IROS.2013.6697168",
  keywords  = "affine transforms;legged locomotion;piecewise constant
               techniques;state-space methods;trajectory control;automatic
               identification;dynamic piecewise affine models;running
               robot;data-driven technique;legged robot dynamics;PWA
               models;nonlinear system dynamics;hexapedal millirobot;state
               space;state observations;statistical clustering methods;PWA
               regions;state derivative prediction;forward simulation
               accuracy;derivative prediction accuracy;null estimator;state
               trajectory;simulation prediction;model complexity;time
               horizon;Robot sensing systems;Predictive models;Legged
               locomotion;Computational modeling;Analytical models;Trajectory",
  issn      = "2153-0858",
  doi       = "10.1109/IROS.2013.6697168"
}


@ARTICLE{Uyanik2015-be,
  title   = "Identification of a vertical hopping robot model via harmonic
             transfer functions",
  author  = "Uyanik, Ismail and Ankarali, Mustafa M and Cowan, Noah J and
             Saranli, Uluc and Morgul, Omer",
  journal = "Transactions of the Institute of Measurement and Control",
  year    =  2015,
  url     = "http://tim.sagepub.com/content/early/2015/05/22/0142331215583327.abstract",
  eprint  = "http://tim.sagepub.com/content/early/2015/05/22/0142331215583327.full.pdf+html",
  doi     = "10.1177/0142331215583327"
}


@ARTICLE{Schmitt2000-eu,
  title     = "{Mechanical models for insect locomotion: dynamics and stability
               in the horizontal plane I. Theory}",
  author    = "Schmitt, John and Holmes, Philip",
  journal   = "Biological cybernetics",
  publisher = "Springer-Verlag",
  volume    =  83,
  number    =  6,
  pages     = "501--515",
  year      =  2000,
  url       = "http://dx.doi.org/10.1007/s004220000181",
  issn      = "0340-1200",
  doi       = "10.1007/s004220000181"
}


@ARTICLE{Miura1984-hb,
  title     = "Dynamic walk of a biped",
  author    = "Miura, Hirofumi and Shimoyama, Isao",
  journal   = "The International journal of robotics research",
  publisher = "Sage Publications",
  volume    =  3,
  number    =  2,
  pages     = "60--74",
  year      =  1984,
  issn      = "0278-3649"
}


@ARTICLE{Johnson2013-ks,
  title    = "Legged {Self--Manipulation}",
  author   = "Johnson, A M and Koditschek, D E",
  journal  = "IEEE Access",
  volume   =  1,
  pages    = "310--334",
  year     =  2013,
  url      = "http://dx.doi.org/10.1109/ACCESS.2013.2263192",
  keywords = "differential algebraic equations;legged locomotion;manipulator
              dynamics;manipulator kinematics;RHex;body centric
              representation;coordinate frame;differential algebraic
              equation;equations of motion;formal design methodology;ground
              interaction variation;hybrid system dynamics;hybrid system
              kinematics;hybrid system transition;legged robot;legged
              self-manipulation model;structured
              representation;Kinematics;Legged locomotion;Mathematical
              model;Robot kinematics;Robot sensing systems;Legged
              locomotion;Manipulator dynamics;Robot control;Robot kinematics",
  issn     = "2169-3536",
  doi      = "10.1109/ACCESS.2013.2263192"
}


@ARTICLE{Banjanin2017-sp,
  title         = "Nonsmooth optimal value and policy functions for mechanical
                   systems subject to unilateral constraints",
  author        = "Banjanin, Bora S and Burden, Sam A",
  month         =  oct,
  year          =  2017,
  url           = "http://arxiv.org/abs/1710.06745",
  file          = "All Papers/B/Banjanin and Burden 2017 - Nonsmooth optimal value and policy functions for mechanical systems subject to unilateral constraints.pdf",
  archivePrefix = "arXiv",
  eprint        = "1710.06745",
  primaryClass  = "cs.RO",
  arxivid       = "1710.06745"
}


@ARTICLE{Ackerman2013-yk,
  title     = "Energy Efficiency of Legged Robot Locomotion With Elastically
               Suspended Loads",
  author    = "Ackerman, Jeffrey and Seipel, Justin",
  journal   = "IEEE Transactions on Robotics",
  publisher = "Institute of Electrical and Electronics Engineers",
  pages     = "1--10",
  year      =  2013,
  url       = "http://dx.doi.org/10.1109/TRO.2012.2235698",
  file      = "All Papers/A/Ackerman and Seipel 2013 - Energy Efficiency of Legged Robot Locomotion With Elastically Suspended Loads.pdf",
  doi       = "10.1109/TRO.2012.2235698"
}


@ARTICLE{Kenneally2016-ml,
  title    = "Design Principles for a Family of {Direct-Drive} Legged Robots",
  author   = "Kenneally, G and De, A and Koditschek, D E",
  journal  = "IEEE Robotics and Automation Letters",
  volume   =  1,
  number   =  2,
  pages    = "900--907",
  month    =  jul,
  year     =  2016,
  url      = "http://dx.doi.org/10.1109/LRA.2016.2528294",
  file     = "All Papers/K/Kenneally et al. 2016 - Design Principles for a Family of Direct-Drive Legged Robots.pdf",
  keywords = "legged locomotion;DD drivetrain;DD legged robots;DD robot
              design;direct-drive legged robots;legged locomotion;legged
              platforms;potential broad-reaching
              value;Actuators;Couplings;Force;Kinematics;Legged
              locomotion;Torque;Mechanism Design of Mobile Robots;Multilegged
              Robots;Novel Actuators for Natural Machine Motion",
  issn     = "2377-3766",
  doi      = "10.1109/LRA.2016.2528294"
}


@INPROCEEDINGS{Kenneally2015-yj,
  title     = "Leg design for energy management in an electromechanical robot",
  booktitle = "Intelligent Robots and Systems ({IROS)}, 2015 {IEEE/RSJ}
               International Conference on",
  author    = "Kenneally, G and Koditschek, D E",
  pages     = "5712--5718",
  year      =  2015,
  url       = "http://dx.doi.org/10.1109/IROS.2015.7354188",
  file      = "All Papers/K/Kenneally and Koditschek 2015 - Leg design for energy management in an electromechanical robot.pdf",
  keywords  = "brushless DC motors;control system synthesis;electromechanical
               actuators;energy management systems;legged locomotion;robot
               kinematics;body energy harvesting;body energy
               storing;compliance;direct-drive brushless DC motors;dynamically
               dexterous legged robotics applications;electromechanical
               robot;energy management;hip joint;kinematics;kinetic energy;knee
               joint;leaping agile locomotion behaviors;leg design;legged
               locomotion cycle;mitigating collision losses;motor
               sizing;parallel spring-loaded actuated linkage;power free
               tangential motion;radial motion;related agile locomotion
               behaviors;running agile locomotion behaviors;sagittal
               plane;symmetric five bar linkage;toe placement;toe
               touchdown;transducing battery
               energy;Actuators;Kinematics;Kinetic
               energy;Robots;Springs;Windings;Wires",
  doi       = "10.1109/IROS.2015.7354188"
}


@INPROCEEDINGS{De2011-cu,
  title     = "Motor sizing for legged robots using dynamic task specification",
  booktitle = "{IEEE} Conference on Technologies for Practical Robot
               Applications",
  author    = "De, A and Lynch, G and Johnson, A and Koditschek, D E",
  pages     = "64--69",
  year      =  2011,
  url       = "http://dx.doi.org/10.1109/TEPRA.2011.5753483",
  file      = "All Papers/D/De et al. 2011 - Motor sizing for legged robots using dynamic task specification.pdf",
  keywords  = "actuator selection;design parameter;dynamic task
               specification;gear ratio;gearbox selection;legged robots;motor
               selection;motor thermal dynamics;task dynamics;vertical climbing
               task;actuators;gears;legged locomotion;",
  doi       = "10.1109/TEPRA.2011.5753483"
}


@PHDTHESIS{Rodriguez2013-hc,
  title  = "Shape for Contact",
  author = "Rodriguez, Alberto",
  year   =  2013,
  url    = "https://www.ri.cmu.edu/publication_view.html?pub_id=7470&menu_code=0307",
  file   = "All Papers/R/Rodriguez 2013 - Shape for Contact.pdf",
  school = "Carnegie Mellon University"
}

@article{srinivasa2012herb,
  title={Herb 2.0: Lessons learned from developing a mobile manipulator for the home},
  author={Srinivasa, Siddhartha S and Berenson, Dmitry and Cakmak, Maya and Collet, Alvaro and Dogar, Mehmet R and Dragan, Anca D and Knepper, Ross A and Niemueller, Tim and Strabala, Kyle and Weghe, Mike Vande and others},
  journal={Proceedings of the IEEE},
  volume={100},
  number={8},
  pages={2410--2428},
  year={2012},
  publisher={IEEE}
}


@INPROCEEDINGS{Pace2017-tt,
  title     = "Piecewise - Differentiable Trajectory Outcomes in Mechanical
               Systems Subject to Unilateral Constraints",
  booktitle = "Proceedings of the 20th International Conference on Hybrid
               Systems: Computation and Control",
  author    = "Pace, Andrew M and Burden, Samuel A",
  publisher = "ACM",
  pages     = "243--252",
  series    = "HSCC '17",
  year      =  2017,
  url       = "http://doi.acm.org/10.1145/3049797.3049807",
  file      = "All Papers/P/Pace and Burden 2017 - Piecewise - Differentiable Trajectory Outcomes in Mechanical Systems Subject to Unilateral Constraints.pdf",
  address   = "New York, NY, USA",
  keywords  = "bouligand derivative, controllability, mechanical systems,
               piecewise-differentiable systems, stability",
  location  = "Pittsburgh, Pennsylvania, USA",
  isbn      = "9781450345903",
  doi       = "10.1145/3049797.3049807"
}


@INPROCEEDINGS{Robinson2016-qh,
  title     = "Dynamic inverse models in human-cyber-physical systems",
  booktitle = "{SPIE} Defense + Security",
  author    = "Robinson, Ryan M and Scobee, Dexter R R and Burden, Samuel A and
               Shankar Sastry, S",
  publisher = "International Society for Optics and Photonics",
  pages     = "98361X--98361X--20",
  month     =  may,
  year      =  2016,
  url       = "http://proceedings.spiedigitallibrary.org/proceeding.aspx?articleid=2526296",
  file      = "All Papers/R/Robinson et al. 2016 - Dynamic inverse models in human-cyber-physical systems.pdf",
  keywords  = "sburden; Mathematical modeling; Nonlinear control; Robotics",
  doi       = "10.1117/12.2223176"
}

@INPROCEEDINGS{Nothwang2016-jj,
  title     = "The human should be part of the control loop?",
  booktitle = "{IEEE} Resilience Week ({RWS})",
  author    = "Nothwang, W D and McCourt, M J and Robinson, R M and Burden, S A
               and Curtis, J W",
  pages     = "214--220",
  month     =  aug,
  year      =  2016,
  url       = "http://dx.doi.org/10.1109/RWEEK.2016.7573336",
  file      = "All Papers/N/Nothwang et al. 2016 - The human should be part of the control loop.pdf",
  keywords  = "control engineering computing;human computer
               interaction;switching systems (control);autonomy
               technology;control loop;human-autonomy integration;human-machine
               switching stability;relative error rate;Automation;Decision
               making;Man-machine systems;Sensors;Service
               robots;Switches;human-autonomy integration;human-machine
               interaction;shared control;switched control",
  doi       = "10.1109/RWEEK.2016.7573336"
}


@INPROCEEDINGS{Yamagami2018-nm,
  title     = "Contributions of feedforward and feedback control in a manual
               trajectory--tracking task",
  booktitle = "{Cyber--Physical--Human} Systems ({CPHS})",
  author    = "Yamagami, Momona and Howell, Darrin B and Roth, Eatai and
               Burden, Samuel A",
  year      =  2018
}

@INPROCEEDINGS{Roth2017-jp,
  title     = "Toward experimental validation of a model for human sensorimotor
               learning and control in teleoperation",
  booktitle = "{SPIE} Defense + Security",
  author    = "Roth, Eatai and Howell, Darrin and Beckwith, Cydney and Burden,
               Samuel A",
  publisher = "International Society for Optics and Photonics",
  pages     = "101941X--101941X--12",
  month     =  may,
  year      =  2017,
  url       = "http://proceedings.spiedigitallibrary.org/proceeding.aspx?articleid=2629020",
  file      = "All Papers/R/Roth et al. 2017 - Toward experimental validation of a model for human sensorimotor learning and control in teleoperation.pdf",
  keywords  = "Teleoperation; Feedback control; Nonlinear dynamics; Robots",
  doi       = "10.1117/12.2263844"
}

@misc{PR2,
    title = {{PR2} Robot},
    note = {Willow Garage},
    url = {http://www.willowgarage.com/pages/pr2/overview}
}

@misc{SpotMini,
    title = {{SpotMini} Robot},
    note = {Boston Dynamics},
    url = {https://www.bostondynamics.com/spot-mini}
}

@misc{PackBot,
    title = {{PackBot} Robot},
    note = {Endeavor Robotics},
    url = {http://endeavorrobotics.com/products#510-packbot}
}

@misc{Mars2020,
    title = {Mars 2020 Rover},
    note = {{NASA}},
    url = {https://mars.nasa.gov/mars2020/}
}

@inproceedings{paper:pavlov-soil-2019,
  author        = {Catherine Pavlov and Aaron M. Johnson},
  title         = {Soil Displacement Terramechanics for Wheel-Based Trenching with a Planetary Rover},
  booktitle     = {IEEE Intl.\ Conference on Robotics and Automation},
  month         = {May},
  year          = {2019},
  address       = {Montreal, Canada},
  keywords      = {Terrain Manipulation, Sand, Modeling},
  note          = {To Appear}
}

@inproceedings{paper:bhatia-direct-2019,
  author       = {Ankit Bhatia and Aaron M. Johnson and Matthew T. Mason},
  title        = {Direct Drive Hands: Force-Motion Transparency in Gripper Design},
  booktitle     = {Robotics: Science and Systems},
  year          = {2019},
  note          = {Under review}
}

@inproceedings{topping2017quasi,
  title={Quasi-static and dynamic mismatch for door opening and stair climbing with a legged robot},
  author={Topping, T Turner and Kenneally, Gavin and Koditschek, Daniel E},
  booktitle={2017 IEEE International Conference on Robotics and Automation (ICRA)},
  pages={1080--1087},
  year={2017},
  organization={IEEE}
}

@techreport{tr:ren2018riss,
   author = {Zhiyi Ren and Aaron Johnson},
   title = {Toward Robust Stair Climbing of the Quadruped using Proprioceptive Sensing},
   institution = {CMU Robotics Institute Summer Scholars Working Papers Journal},
   year = {2018},
   volume= {6},
   pages = {112--118},
   keywords  = {Stair Climbing, Proprioception},
   url = {https://riss.ri.cmu.edu/wp-content/uploads/2018/11/RISS_Journal_Nov26-r.pdf}
}